<record><leader>00000cas a22000007a 4500</leader><controlfield tag="001">24383713</controlfield><controlfield tag="008">910916d19191921txuwr ne      0    0eng d</controlfield><datafield ind1=" " ind2=" " tag="010"><subfield code="a">sn 91072517 </subfield></datafield><datafield ind1=" " ind2=" " tag="040"><subfield code="a">PPM</subfield><subfield code="b">eng</subfield><subfield code="c">PPM</subfield><subfield code="d">OCL</subfield><subfield code="d">OCLCQ</subfield></datafield><datafield ind1=" " ind2=" " tag="042"><subfield code="a">msc</subfield></datafield><datafield ind1="0" ind2="0" tag="245"><subfield code="a">Texas oil gazette.</subfield></datafield><datafield ind1=" " ind2=" " tag="260"><subfield code="a">Fort Worth, Tex. :</subfield><subfield code="b">Gazette Pub. Co.</subfield></datafield><datafield ind1=" " ind2=" " tag="300"><subfield code="a">v.</subfield></datafield><datafield ind1=" " ind2=" " tag="310"><subfield code="a">Weekly</subfield></datafield><datafield ind1="1" ind2=" " tag="362"><subfield code="a">Began in 1919; ceased Dec. 1921.</subfield></datafield><datafield ind1=" " ind2=" " tag="588"><subfield code="a">Description based on: Vol. 1, no. 44 (Jan. 12, 1920).</subfield></datafield><datafield ind1="0" ind2="5" tag="780"><subfield code="t">Louisiana oil news.</subfield><subfield code="g">Oct. 1, 1920</subfield></datafield><datafield ind1="0" ind2="1" tag="785"><subfield code="t">Oil gazette</subfield><subfield code="w">(DLC)sn 86089050</subfield></datafield></record>